1956 3036
129 471 226 523 Sed
255 478 366 541 quis
397 478 653 529 enimvero
677 481 868 535 fruetus
892 487 1009 539 hinc
1036 491 1239 545 demum
1265 499 1437 552 redit?

132 555 488 625 Quadruplum
520 560 742 611 laborem
768 568 1102 636 quadruplam
1128 574 1171 623 is
1195 592 1386 628 moram
1411 582 1579 639 trahit.

198 637 443 686 Homines
468 638 561 687 hoc
587 639 744 706 saepe,
783 644 1120 702 sufferendum
1145 659 1279 721 quod
1304 662 1473 724 venit,

130 716 356 766 Minuere
385 717 529 770 stulte
554 720 671 768 dum
698 724 906 788 volunt,
943 744 1132 797 augent
1156 737 1363 792 malum.

533 913 580 973 F
605 911 665 974 A
692 918 745 976 Β
774 919 829 980 U
857 922 908 982 L
934 920 996 984 A
1079 930 1105 989 I
1133 931 1158 991 I
1189 932 1233 995 Ῐ.

619 1056 688 1120 V
679 1062 826 1141 alpis
863 1059 934 1126 55
975 1067 1193 1135 Cervus,

119 1162 202 1246 Μ
215 1213 252 1246 A
269 1213 301 1245 L
320 1212 353 1244 E
369 1212 408 1246 v
423 1212 456 1245 o
475 1212 507 1244 L
524 1213 564 1245 A
603 1195 787 1266 Vulpis
802 1237 815 1259 ,
853 1201 909 1254 &
934 1204 1139 1261 inimico
1162 1214 1358 1279 percita

120 1278 316 1330 Livoris
342 1278 495 1338 aestn,
533 1280 713 1346 probra
736 1281 897 1336 Cervo
922 1287 1193 1354 ingesserat
1227 1303 1247 1330 2
1271 1315 1285 1347 z

118 1358 217 1412 Sed
244 1375 535 1425 quanquam
559 1369 734 1422 acuta,
774 1380 831 1414 ac
858 1365 1076 1433 diligens
1106 1374 1401 1441 malignitas

117 1443 410 1493 Perviderat
443 1445 640 1505 omnia,
678 1463 833 1497 unam
857 1451 1208 1509 adextremfim
1231 1469 1403 1514 tamen

118 1522 417 1573 Exilitatem
439 1525 676 1576 tibiarum
703 1527 973 1593 objecerat.

118 1606 212 1658 Cui
248 1623 352 1656 non
389 1605 537 1658 modo
562 1609 689 1659 nihil
713 1610 939 1678 asperum
965 1624 1140 1669 contra
1163 1621 1321 1674 refert
1343 1669 1346 1671 ,

115 1687 335 1747 CervuS,
372 1686 455 1737 sed
481 1688 580 1756 ipse
605 1692 867 1755 gratulans
884 1697 1039 1748 etiam
1061 1698 1177 1753 fibi:

116 1772 270 1824 Omni
308 1774 449 1833 mea,
488 1775 681 1843 inquit,
718 1796 800 1831 me
828 1781 927 1833 esse
953 1796 1254 1840 contentum
1278 1790 1396 1845 satis

115 1853 292 1921 Specie
328 1855 557 1917 decebit,
593 1858 723 1910 livor
746 1862 800 1911 in
828 1864 925 1930 qua
947 1867 1203 1935 perspicax

113 1936 173 1985 Id
208 1952 367 1986 unum
403 1937 542 1997 vitii,
580 1942 936 2011 tantulumque
959 1982 972 2005 ,
1011 1951 1283 2003 notaverit.

186 2017 385 2068 Invidia
413 2021 645 2085 quaedam
670 2023 768 2083 est,
807 2041 922 2090 quae
946 2042 1074 2093 quos
1101 2032 1364 2099 carpserit,
1395 2035 1572 2104 juvat:

114 2100 262 2161 Quod
297 2117 400 2151 non
424 2104 704 2172 vituperat,
741 2108 916 2159 laudat
937 2110 1314 2169 malevolentia.

154 2260 175 2287 2
206 2249 395 2288 Horatius,
421 2252 461 2287 L.
477 2264 507 2289 1.
530 2255 602 2289 Sat.
627 2261 659 2299 5.
683 2258 728 2294 V.
752 2267 806 2295 11.

399 2295 494 2369 fun]
517 2299 621 2338 pueri
643 2301 763 2335 nautis
778 2323 787 2338 ‚
818 2302 939 2343 pueris
963 2306 1124 2340 convicia
1145 2314 1268 2344 nautae

418 2348 586 2375 moerere,

198 2377 237 2413 T.
263 2375 388 2413 Livius
404 2401 412 2416 ‚
444 2362 485 2415 ἶ.
510 2389 542 2417 2,
576 2383 611 2416 c,
633 2389 686 2426 45.
720 2385 951 2430 Cenem-sanc
971 2391 1122 2434 portis,
1160 2393 1335 2439 ingerunt
1354 2397 1512 2442 probra.
