1956 3036
427 258 758 311 LIBER
833 260 1338 328 QUINTLS
1532 274 1630 325 ψ

138 356 1615 454 ἐέξ-Ξῦὶῆᾲὲῇως»

115 502 380 568 Hujusque
417 504 600 562 fronti,
648 504 836 568 quanta
876 503 1132 570 vipotuit,
1171 503 1317 556 fimul

110 586 329 650 Impegit
347 621 358 642 ‚
398 602 453 636 ac
482 586 809 634 semianinem
838 585 1101 650 prostravit
1128 587 1244 639 solo.

111 670 281 735 Lupus
317 669 377 717 ad
406 668 450 717 se
479 667 686 716 tandem
714 667 795 715 vix
822 667 1074 718 reversus:
1111 668 1261 721 Heu!
1299 670 1422 722 mali

111 754 375 812 Quantum
411 750 602 800 creavit
628 749 777 798 stulta
805 749 1062 801 curiositas
1080 788 1093 809 ‚

111 836 250 887 Dixit
289 835 604 899 lamentanS,
643 829 697 880 &
735 831 852 880 boni
879 843 1125 897 quantum
1152 833 1381 888 abstulit!

432 1003 906 1070 FABULA
1025 1007 1293 1072 XXII.

187 1149 243 1207 F
240 1150 374 1206 lucii
398 1150 513 1209 dno
529 1193 545 1220 ,
571 1152 717 1209 alter
735 1151 1102 1228 peoestrepens,
1130 1151 1274 1210 alter
1301 1156 1478 1221 silens.
1522 1168 1544 1196 ¹

101 1254 178 1339 A
200 1305 229 1338 o
258 1288 494 1339 Fluvium
530 1305 713 1354 magno
739 1286 1132 1355 perstrepentem
1156 1306 1414 1347 murmure

102 1371 322 1430 Quidam
348 1372 510 1421 viator
536 1368 656 1421 esim
681 1368 912 1430 venisset,
952 1369 1162 1429 restitit,

100 1454 430 1520 Timuitque:
468 1453 551 1503 sed
578 1470 696 1503 mox
721 1452 869 1503 ausus
898 1453 968 1503 est
994 1463 1165 1505 tamen
1196 1458 1381 1510 vadum

99 1536 353 1596 Tentare3
392 1533 447 1586 &
471 1536 633 1586 undas
661 1535 853 1585 mirans
889 1535 1160 1587 altitudine

98 1617 309 1677 Carere,
342 1618 499 1684 ripam
540 1614 689 1666 facile
734 1616 1024 1668 ulteriorem
1047 1621 1235 1686 attigit.

99 1699 183 1751 Ad
218 1698 373 1748 alium
415 1697 599 1747 deinde
627 1698 861 1751 Fluvium
888 1703 1117 1769 pervenit
1136 1741 1149 1763 ,
1188 1703 1302 1755 suos

98 1778 282 1839 Lente,
320 1777 376 1829 &
418 1779 589 1845 quiete
614 1779 801 1832 fluetus
830 1785 917 1849 qui
945 1786 1298 1852 provolveret:

105 1865 286 1925 Hunc,
340 1865 535 1931 inquit,
583 1865 908 1933 pertransire,
947 1871 1187 1922 minimus
1215 1875 1285 1925 est
1308 1877 1450 1930 labor

98 1947 230 1998 Tam
264 1947 461 2007 lenem,
499 1956 704 2013 tamque
742 1946 1046 2015 pacificum3
1085 1954 1143 2002 ab
1171 1955 1260 2005 isto
1287 1959 1449 2013 altero

100 2028 324 2095 Rapido,
376 2028 429 2080 &
469 2029 598 2079 irato
627 2039 732 2078 tam
756 2028 903 2083 facile
935 2029 1054 2082 esim
1082 2035 1337 2089 evaserim.

100 2109 262 2163 Simul
301 2108 409 2158 haee
438 2109 641 2161 locutus
672 2112 858 2170 intrat3
898 2112 951 2163 δε
976 2113 1207 2168 absorbet
1233 2118 1378 2173 limul

98 2192 262 2260 Ipsum
299 2192 544 2258 profunda
580 2194 786 2245 vorticis
813 2195 1122 2260 malignitas,

170 2273 387 2334 Diffide,
426 2273 463 2323 fi
494 2277 611 2342 quis
653 2284 818 2325 taceat
848 2275 1075 2326 infensus
1104 2279 1229 2332 tibi:

99 2355 244 2406 Pleni
284 2358 532 2407 minarum
570 2356 719 2424 longe
752 2362 1019 2412 metuendi
1043 2360 1229 2417 mimis,

142 2505 159 2532 1
184 2496 435 2542 Camerarius,
471 2494 551 2531 fab.
578 2497 711 2534 CCXC.

695 2643 1109 2812 Q
