1956 3036
316 303 381 353 16
744 290 1410 344 PRAEFATIO.

599 455 681 462 ——-

308 517 676 599 politioribus
723 515 999 576 doctrinis
1045 513 1195 573 mihi
1238 513 1502 573 stimulos
1540 515 1839 576 ¹admove-

311 626 484 673 runt:
550 630 804 690 quorum
852 625 1011 669 unus
1062 622 1125 678 7,
1192 607 1522 667 eruditione
1568 607 1804 684 insignis
1822 643 1850 680 ,ι

309 724 719 782 magnumque
771 702 1118 763 Academiae
1165 699 1490 761 parisiensis
1527 721 1841 761 ornamen-

312 811 480 870 tum,
532 820 601 858 eo
647 818 743 857 me
791 798 1018 856 honore
1063 795 1343 870 dignatus
1389 794 1500 864 est,
1561 806 1629 854 ut
1672 813 1840 855 meas

311 893 579 954 Fabellas
612 893 840 950 attente
874 890 1216 968 perlegeret,
1238 888 1526 947 Criticum
1563 888 1842 964 ageretin

313 1006 376 1047 re
425 998 551 1045 tam
596 985 742 1055 levi,
794 985 970 1045 utiles
1014 983 1259 1041 demum
1305 980 1841 1044 animadverfiones

313 1100 551 1141 mecum
583 1078 935 1158 perbenigne
965 1075 1450 1136 communicaret.

397 1190 527 1267 Ego
575 1192 717 1250 vero
750 1189 821 1247 fic
850 1187 1113 1265 undique
1155 1185 1491 1256 excitatus,
1543 1185 1704 1245 libris
1733 1184 1841 1244 ha-

316 1303 519 1344 rumce
533 1282 903 1342 Fabellarum
935 1281 1197 1359 quinque
1216 1278 1506 1357 prioribus
1527 1299 1643 1337 non
1665 1279 1846 1337 modo

319 1375 506 1454 adjeci
539 1376 802 1454 quinque
852 1375 1105 1444 alterOS,
1153 1373 1248 1432 sed
1295 1392 1443 1451 opus
1473 1376 1542 1431 eo
1591 1371 1843 1442 deduxi,

317 1481 387 1530 ut
428 1470 605 1530 libros
634 1469 1004 1547 quindecim,
1053 1465 1416 1527 uberioribus
1459 1467 1639 1524 etiam
1682 1484 1845 1524 com-

318 1562 630 1624 mentariis
664 1563 1087 1642 locupletatos,
1139 1560 1460 1619 exhiberet.
1548 1558 1846 1619 Praeterea

317 1657 647 1736 Scriptores
690 1656 949 1716 indicavi
995 1653 1496 1733 quamplurimos,
1542 1653 1578 1711 a
1628 1652 1844 1730 quibus

319 1750 635 1812 materiam
663 1751 956 1818 eamdem,
978 1759 1081 1807 aut
1121 1767 1297 1825 prope
1331 1747 1602 1805 eamdem
1624 1790 1637 1815 ,
1662 1764 1848 1823 quam

319 1844 469 1905 mihi
505 1843 726 1923 sumpsi,
746 1844 1057 1903 tractatam
1086 1839 1245 1900 fuisse
1271 1839 1556 1917 comperi:
1592 1838 1848 1898 notatio-

321 1957 548 2015 nesque
568 1937 988 2014 grammaticas
1010 1980 1023 2006 ,
1062 1934 1381 2012 aiiquando
1415 1933 1595 1991 etiam
1626 1932 1851 1991 histori-

322 2051 458 2101 caS‚
504 2051 581 2089 ex
613 2028 944 2092 Auctorum
976 2040 1251 2090 veterum
1280 2027 1498 2086 selectis
1531 2025 1850 2085 testimoni-

322 2125 375 2185 is
407 2125 753 2203 plerumque
795 2122 1095 2192 conflataS‚
1155 2120 1405 2199 apposui.
1452 2121 1598 2189 Quae
1650 2119 1853 2179 omnia

322 2218 422 2279 sub
460 2218 688 2296 aspectu
718 2217 1045 2295 legentium
1079 2214 1154 2273 ad
1188 2215 1339 2272 imas
1373 2232 1643 2291 quasque
1690 2212 1853 2291 pagi-

324 2330 434 2372 nas
454 2356 467 2380 ,
501 2312 574 2372 cie
604 2311 882 2390 prudenti
911 2308 1223 2369 hominum
1244 2307 1562 2385 peritorum
1596 2306 1850 2378 consiliQ

323 2402 566 2482 subjeci,
626 2404 913 2482 majorem
950 2403 1106 2461 hanc
1152 2400 1264 2479 ipse
1310 2411 1475 2459 ratus
1511 2399 1853 2477 opportuni-

324 2501 515 2559 tatem
558 2499 713 2569 fore‚
763 2498 947 2576 quam
983 2494 1021 2555 si
1071 2495 1144 2554 ad
1189 2494 1409 2553 calcem
1453 2491 1849 2569 rejicerentur.

324 2593 536 2673 Itaque
583 2610 807 2652 munus
856 2591 972 2651 hoc
1017 2589 1182 2668 patto
1230 2586 1366 2646 satis
1409 2586 1709 2664 amplum,
1790 2584 1854 2644 ni

400 2769 432 2821 7
471 2751 514 2812 J.
540 2752 595 2803 B.
628 2751 684 2802 L.
738 2749 940 2801 Crevier
964 2787 978 2808 ‚
1026 2748 1253 2799 Livianae
1287 2744 1543 2799 Editionis
1579 2742 1757 2795 doctus
1797 2741 1855 2795 δε

467 2824 770 2876 luculentus
803 2821 997 2874 auctor.
