1956 3036
305 477 589 568 permulti
639 474 771 533 sunt
823 462 1189 529 urbanitatis
1231 457 1432 518 latinae
1486 451 1692 521 floreS,
1743 446 1849 525 qui

304 576 486 640 nullis
533 565 736 644 effingi
776 560 1048 622 accurate
1095 552 1325 634 possunt
1357 546 1648 608 coloribus
1685 539 1850 620 galli-

309 674 427 741 cis,
480 667 564 726 ita
595 662 743 740 saepe
774 654 941 715 latini
997 650 1223 709 colores
1260 644 1403 704 nulli
1440 642 1755 718 suppetunt
1786 652 1847 692 a-

311 768 426 827 deo
445 758 655 823 molles
676 799 689 826 ,
727 762 796 810 ut
828 745 1166 808 venustates
1187 741 1230 799 F
1234 749 1473 797 ontanae
1497 732 1746 810 gallicas
1765 746 1855 786 re-

312 856 669 942 praesentare
705 844 961 907 valeant.
1043 835 1346 897 Nimiruin
1379 828 1576 890 varias
1610 824 1852 899 linguas

313 949 608 1014 doetrina,
661 934 1006 1020 prudentia>
1047 929 1184 988 usus
1218 972 1232 998 ,
1294 919 1639 983 exercitatio
1674 913 1855 976 variis

317 1046 529 1126 opibus
559 1035 731 1098 facile
768 1036 992 1105 augent
1023 1043 1090 1083 ac
1120 1019 1465 1100 perficiunt:
1501 1014 1614 1072 has
1651 1019 1859 1069 autem

319 1132 630 1201 universas
681 1143 822 1204 opes
857 1167 870 1192 ‚
936 1120 995 1179 id
1041 1116 1118 1176 est
1155 1160 1168 1185 ‚
1231 1113 1357 1174 vim
1403 1120 1581 1186 atque
1625 1101 1860 1181 copiam

321 1249 504 1314 prope
525 1221 823 1285 infinitam
841 1210 1095 1274 conferri
1113 1206 1280 1268 simul
1311 1206 1370 1263 in
1391 1219 1575 1261 unam
1599 1197 1866 1274 aliquam

322 1327 626 1401 linguam,
677 1332 797 1372 non
843 1307 972 1367 finit
1001 1304 1147 1383 ipsa,
1198 1299 1312 1360 five
1358 1290 1733 1375 providentia
1761 1286 1865 1348 Di-

327 1419 499 1488 vina,
550 1409 665 1473 five
692 1406 979 1467 humanae
1007 1406 1244 1457 naturae
1273 1389 1607 1452 infirmitas,

811 1612 1157 1675 CAPUT
1241 1598 1327 1659 ΙΙ.

399 1763 1122 1859 Apologozstmmscriptoz‘oe,
1160 1754 1251 1832 qni
1299 1751 1550 1808 sifcmtm‘
1575 1738 1768 1821 paffim
1815 1738 1875 1793 in

478 1869 563 1931 liis
593 1862 894 1946 quimlecim
932 1839 1661 1921 fabulam-mnAefifflmwmz
1683 1831 1839 1890 libris
1857 1872 1874 1899 ,

464 1964 592 2044 fere
628 1977 803 2018 onmes
838 1944 1195 2026 secens'mztzzr.

432 2100 478 2160 Ι.
529 2097 894 2159 ῘΕΞΟΡΠΞ,
942 2080 1182 2142 natione
1228 2073 1438 2148 Phryx
1470 2112 1484 2138 ‚
1537 2061 1877 2125 conditione

339 2196 576 2260 servuS,
612 2188 673 2247 in
702 2184 1039 2244 libertatem
1069 2172 1139 2232 ab
1175 2169 1421 2229 Idmone
1454 2161 1718 2239 quodam
1748 2154 1879 2216 vin-

342 2288 579 2348 dicatus
613 2279 707 2340 est.
794 2271 1026 2335 Dicitur
1056 2266 1115 2324 in
1133 2258 1363 2323 Eusebii
1393 2253 1672 2314 chronico
1702 2249 1884 2309 inter-

344 2393 586 2459 emptus
642 2389 797 2433 anno
843 2364 1032 2444 primo
1066 2349 1439 2434 Olympiadis
1474 2338 1886 2425 quinquagesi-

343 2491 462 2537 mae
494 2476 745 2549 quartae.
815 2457 935 2520 Sed
967 2456 1124 2515 hanc
1174 2444 1551 2508 notationem
1595 2432 1883 2514 temporis

348 2571 629 2629 evertunt
658 2604 672 2630 ‚
740 2570 877 2634 quae
924 2550 959 2608 a
1001 2540 1324 2608 Plutarcho
1369 2541 1780 2595 memorantur
1822 2525 1886 2584 in

350 2661 499 2723 libro
523 2656 595 2714 de
634 2651 755 2712 sera
775 2641 1056 2708 Numinis
1075 2632 1361 2702 vindifta,
1409 2623 1642 2686 miffum
1675 2637 1888 2696 nempe

353 2751 639 2830 AEsopum
689 2739 853 2804 fuiffe
884 2733 1154 2813 Delphos
1188 2728 1221 2788 a
1258 2721 1454 2786 Croeso
1488 2720 1684 2795 Rege,
1733 2710 1887 2793 apud
