1956 3036
590 178 1254 232 PRAEFATIO.
1659 195 1695 250 7

160 296 1690 310 ——-—-——————.-—————n-——————t——=-——

158 409 421 470 Cervum
468 412 673 489 partiri
724 412 926 472 velint.
1007 411 1285 470 Praeclam
1326 417 1549 480 totam,
1597 408 1680 468 ait

155 503 450 563 Phaedrus
485 548 500 573 ,
567 504 785 561 Leonis
848 503 1195 581 improbitas
1247 500 1492 561 abstulit.
1589 499 1680 562 At

153 596 395 673 lingulae
425 605 622 673 partes
657 596 831 672 quid,
884 596 1164 672 inquiunt
1197 593 1311 664 illi,
1351 592 1563 671 juvare
1593 595 1677 652 so-

152 689 272 747 cias
319 698 596 772 poterant
634 733 649 758 ,
713 706 849 766 quae
909 706 1084 748 carne
1132 708 1252 746 non
1310 686 1675 748 vescuntur?

147 781 577 843 Verumtamen
608 780 740 840 haec
771 826 785 853 ‚
835 778 897 841 &
928 781 1043 842 alia
1075 780 1497 858 hujuscemodi
1531 801 1675 840 non-

143 874 339 945 nulla,
390 893 527 952 quae
569 875 855 935 Fontanae
884 882 921 932 -8
975 874 1220 934 minime
1266 874 1513 934 absurda
1555 872 1677 934 visa

143 967 307 1039 sunt,
359 968 574 1028 adduci
603 989 712 1046 ego
744 971 902 1029 certe
936 988 1055 1028 non
1100 968 1320 1047 possum
1353 980 1419 1027 ut
1454 968 1672 1045 impro-

141 1061 293 1122 bem.
373 1062 617 1140 Neque,
665 1062 903 1141 opinor,
956 1081 1168 1141 poema
1204 1062 1510 1141 quodlibet
1542 1074 1671 1120 tam

137 1155 335 1216 severe
389 1155 799 1235 accipiendum
845 1156 953 1227 est,
1021 1169 1090 1216 ut
1135 1155 1540 1235 expendatur,
1591 1174 1671 1214 an

136 1249 422 1309 delestare
454 1264 522 1320 9,
572 1270 647 1310 an
680 1249 937 1329 prodeffe
966 1250 1148 1311 etiam
1183 1250 1485 1321 debuerit,
1519 1247 1667 1328 post-

136 1344 318 1422 quam
351 1354 678 1422 utrumque
703 1344 986 1423 praestitit.
1080 1342 1085 1347 ’

227 1440 374 1509 Quae
417 1438 659 1516 quidem
717 1439 854 1499 duae
898 1457 993 1498 res
1040 1438 1304 1499 maxime
1346 1436 1662 1516 requirun-

132 1542 263 1602 tur,
300 1543 368 1592 ut
397 1532 640 1592 laudem
673 1532 928 1593 Fabellae
960 1532 1123 1594 suam
1151 1534 1476 1594 obtineant.
1537 1531 1659 1591 Eas

131 1645 271 1703 ergo
317 1625 538 1685 neceffe
587 1626 666 1685 est
710 1627 1014 1687 continere
1046 1627 1227 1699 nihil,
1278 1646 1397 1706 quo
1429 1624 1657 1696 virtus,

125 1720 348 1799 pudor,
393 1720 664 1780 honestas
682 1720 886 1799 poffint
917 1719 1154 1781 offendi.
1235 1723 1432 1792 Quam
1461 1719 1659 1795 legem

125 1813 456 1885 Phaedrus,
508 1835 582 1874 ex
634 1814 764 1893 ipsa
793 1812 1210 1894 Apologorum
1240 1814 1454 1874 natura
1494 1831 1656 1872 ema-

125 1918 402 1978 nantem,
450 1909 612 1986 quod
641 1908 762 1979 biS,
813 1919 982 1971 terve
1025 1908 1319 1986 neglexit:
1364 1907 1514 1967 illud
1545 1905 1656 1965 mi-

124 2000 377 2061 serrimis
425 2002 541 2064 aevi
586 2003 912 2075 Tiberiani,
963 2022 1083 2081 quo
1114 2002 1299 2073 vixit,
1351 2009 1654 2079 corrupte-

121 2093 194 2154 lis
225 2094 472 2174 imputo,

226 2190 459 2249 Deinde
508 2199 745 2270 oportet
800 2189 911 2252 stili
986 2190 1277 2252 suavitate
1334 2185 1652 2268 Apologos

122 2280 230 2342 effe
270 2285 792 2346 commendabiles,
870 2285 1044 2356 Quod
1077 2283 1357 2356 eveniet,
1417 2281 1457 2344 fi
1489 2300 1649 2342 com-

189 2466 221 2517 3
257 2457 363 2507 Lib.
389 2457 429 2507 I.
469 2459 585 2510 fab.
615 2460 705 2513 Vr.
733 2459 830 2511 &a

188 2560 221 2609 9
261 2544 438 2594 Horat.
467 2546 580 2596 Art.
607 2547 747 2598 Poet.
782 2546 847 2600 V.
875 2562 995 2613 333.

251 2616 366 2665 Aut
386 2616 611 2683 prodesse
638 2618 849 2678 volunt,
881 2628 974 2669 aut
1001 2616 1254 2668 delectare
1281 2617 1484 2668 Poetae:

258 2686 368 2737 Aut
395 2686 540 2741 simul
567 2689 623 2741 &
645 2690 902 2756 jucunda,
929 2690 1183 2745 &idonea
1209 2690 1379 2742 dicere
1405 2690 1539 2739 vitae.

1402 2791 1502 2840 a4
