<?xml version="1.0" encoding="UTF-8"?>
<!DOCTYPE html PUBLIC "-//W3C//DTD XHTML 1.0 Transitional//EN"
    "http://www.w3.org/TR/xhtml1/DTD/xhtml1-transitional.dtd">
<html xmlns="http://www.w3.org/1999/xhtml" xml:lang="en" lang="en">
 <head>
  <title>
</title>
<meta http-equiv="Content-Type" content="text/html;charset=utf-8" />
  <meta name='ocr-system' content='tesseract 3.04.00' />
  <meta name='ocr-capabilities' content='ocr_page ocr_carea ocr_par ocr_line ocrx_word'/>
</head>
<body>
  <div class='ocr_page' id='page_1' title='image "./francjosephidesb01desb_0271.png"; bbox 0 0 1956 3036; ppageno 0'>
   <div class='ocr_carea' id='block_1_1' title="bbox 480 232 1720 315">
    <p class='ocr_par' dir='ltr' id='par_1_1' title="bbox 480 232 1720 315">
     <span class='ocr_line' id='line_1_1' title="bbox 480 232 1720 315; baseline 0.016 -32"><span class='ocrx_word' id='word_1_1' title='bbox 480 232 813 286; x_wconf 82' lang='lat' dir='ltr'><em>LIBER</em></span> <span class='ocrx_word' id='word_1_2' title='bbox 886 237 1459 298; x_wconf 67' lang='lat' dir='ltr'><em>SEPTIMUS,</em></span> <span class='ocrx_word' id='word_1_3' title='bbox 1618 265 1720 315; x_wconf 84' lang='lat'>191</span> 
     </span>
    </p>
   </div>
   <div class='ocr_carea' id='block_1_2' title="bbox 204 331 1709 454">
    <p class='ocr_par' dir='ltr' id='par_1_2' title="bbox 204 331 1709 454">
     <span class='ocr_line' id='line_1_2' title="bbox 204 331 1709 454; baseline 0 2582"><span class='ocrx_word' id='word_1_4' title='bbox 204 331 1709 454; x_wconf 95' lang='lat' dir='ltr'> </span> 
     </span>
    </p>
   </div>
   <div class='ocr_carea' id='block_1_3' title="bbox 175 476 1449 807">
    <p class='ocr_par' dir='ltr' id='par_1_3' title="bbox 176 476 1234 630">
     <span class='ocr_line' id='line_1_3' title="bbox 180 476 1234 553; baseline 0.017 -28"><span class='ocrx_word' id='word_1_5' title='bbox 180 476 383 530; x_wconf 76' lang='lat' dir='ltr'>Portare</span> <span class='ocrx_word' id='word_1_6' title='bbox 411 482 581 536; x_wconf 76' lang='lat' dir='ltr'>liceat.</span> <span class='ocrx_word' id='word_1_7' title='bbox 621 484 863 535; x_wconf 83' lang='lat' dir='ltr'>Providus</span> <span class='ocrx_word' id='word_1_8' title='bbox 891 484 1000 535; x_wconf 82' lang='lat' dir='ltr'>Rex</span> <span class='ocrx_word' id='word_1_9' title='bbox 1029 489 1234 553; x_wconf 78' lang='lat' dir='ltr'>abnuit3</span> 
     </span>
     <span class='ocr_line' id='line_1_4' title="bbox 176 557 1155 630; baseline 0.012 -22"><span class='ocrx_word' id='word_1_10' title='bbox 176 557 365 626; x_wconf 75' lang='lat' dir='ltr'>Istique</span> <span class='ocrx_word' id='word_1_11' title='bbox 384 599 394 619; x_wconf 94' lang='lat'><strong><em>‚</em></strong></span> <span class='ocrx_word' id='word_1_12' title='bbox 434 563 588 621; x_wconf 74' lang='lat' dir='ltr'>dixit,</span> <span class='ocrx_word' id='word_1_13' title='bbox 616 565 931 629; x_wconf 73' lang='lat' dir='ltr'>recipiantur</span> <span class='ocrx_word' id='word_1_14' title='bbox 957 565 994 616; x_wconf 88' lang='lat' dir='ltr'><strong>fi</strong></span> <span class='ocrx_word' id='word_1_15' title='bbox 1022 569 1155 630; x_wconf 87' lang='lat' dir='ltr'>duo,</span> 
     </span>
    </p>

    <p class='ocr_par' dir='ltr' id='par_1_4' title="bbox 175 642 1449 807">
     <span class='ocr_line' id='line_1_5' title="bbox 175 642 1449 725; baseline 0.016 -35"><span class='ocrx_word' id='word_1_16' title='bbox 175 642 290 691; x_wconf 74' lang='lat' dir='ltr'>Mox</span> <span class='ocrx_word' id='word_1_17' title='bbox 324 643 466 697; x_wconf 66' lang='lat' dir='ltr'>facile</span> <span class='ocrx_word' id='word_1_18' title='bbox 495 646 714 696; x_wconf 73' lang='lat' dir='ltr'>crescant</span> <span class='ocrx_word' id='word_1_19' title='bbox 745 649 1040 698; x_wconf 81' lang='lat' dir='ltr'>milliarium</span> <span class='ocrx_word' id='word_1_20' title='bbox 1078 662 1096 693; x_wconf 72' lang='grc'>3</span> <span class='ocrx_word' id='word_1_21' title='bbox 1133 654 1187 702; x_wconf 88' lang='lat' dir='ltr'>in</span> <span class='ocrx_word' id='word_1_22' title='bbox 1211 673 1449 725; x_wconf 80' lang='lat' dir='ltr'>gregem:</span> 
     </span>
     <span class='ocr_line' id='line_1_6' title="bbox 176 722 1416 807; baseline 0.019 -33"><span class='ocrx_word' id='word_1_23' title='bbox 176 722 385 777; x_wconf 83' lang='lat' dir='ltr'>Etenim</span> <span class='ocrx_word' id='word_1_24' title='bbox 431 736 452 769; x_wconf 79' lang='lat'>4</span> <span class='ocrx_word' id='word_1_25' title='bbox 486 730 736 780; x_wconf 79' lang='lat' dir='ltr'>malorum</span> <span class='ocrx_word' id='word_1_26' title='bbox 761 729 861 783; x_wconf 77' lang='lat' dir='ltr'>cito</span> <span class='ocrx_word' id='word_1_27' title='bbox 892 747 1207 802; x_wconf 78' lang='lat' dir='ltr'>propagatur</span> <span class='ocrx_word' id='word_1_28' title='bbox 1230 759 1416 807; x_wconf 77' lang='lat' dir='ltr'>genus,</span> 
     </span>
    </p>
   </div>
   <div class='ocr_carea' id='block_1_4' title="bbox 169 1170 1380 1283">
    <p class='ocr_par' dir='ltr' id='par_1_5' title="bbox 169 1170 1380 1283">
     <span class='ocr_line' id='line_1_7' title="bbox 169 1170 1380 1283; baseline 0.019 -31"><span class='ocrx_word' id='word_1_29' title='bbox 169 1170 420 1257; x_wconf 83' lang='lat' dir='ltr'>CANIS</span> <span class='ocrx_word' id='word_1_30' title='bbox 458 1221 523 1254; x_wconf 78' lang='lat' dir='ltr'>ex</span> <span class='ocrx_word' id='word_1_31' title='bbox 557 1204 706 1257; x_wconf 86' lang='lat' dir='ltr'>herili</span> <span class='ocrx_word' id='word_1_32' title='bbox 754 1211 845 1275; x_wconf 84' lang='lat' dir='ltr'>qui</span> <span class='ocrx_word' id='word_1_33' title='bbox 884 1211 1034 1263; x_wconf 87' lang='lat' dir='ltr'>domo</span> <span class='ocrx_word' id='word_1_34' title='bbox 1070 1217 1380 1283; x_wconf 81' lang='lat' dir='ltr'>migraverat</span> 
     </span>
    </p>
   </div>
   <div class='ocr_carea' id='block_1_5' title="bbox 159 1286 1499 2190">
    <p class='ocr_par' dir='ltr' id='par_1_6' title="bbox 159 1286 1499 2190">
     <span class='ocr_line' id='line_1_8' title="bbox 164 1286 1487 1379; baseline 0.023 -43"><span class='ocrx_word' id='word_1_35' title='bbox 164 1286 463 1354; x_wconf 79' lang='lat' dir='ltr'>fugitivus,</span> <span class='ocrx_word' id='word_1_36' title='bbox 501 1288 564 1339; x_wconf 84' lang='lat' dir='ltr'>ab</span> <span class='ocrx_word' id='word_1_37' title='bbox 590 1290 713 1356; x_wconf 82' lang='lat' dir='ltr'>hero</span> <span class='ocrx_word' id='word_1_38' title='bbox 744 1294 1066 1360; x_wconf 74' lang='lat' dir='ltr'>postmodum</span> <span class='ocrx_word' id='word_1_39' title='bbox 1095 1301 1343 1359; x_wconf 85' lang='lat' dir='ltr'>inventus</span> <span class='ocrx_word' id='word_1_40' title='bbox 1367 1311 1457 1365; x_wconf 85' lang='lat' dir='ltr'>suo</span> <span class='ocrx_word' id='word_1_41' title='bbox 1467 1351 1487 1379; x_wconf 74' lang='lat' dir='ltr'>s&gt;</span> 
     </span>
     <span class='ocr_line' id='line_1_9' title="bbox 163 1367 1369 1458; baseline 0.02 -39"><span class='ocrx_word' id='word_1_42' title='bbox 163 1367 467 1438; x_wconf 84' lang='lat' dir='ltr'>Herumque</span> <span class='ocrx_word' id='word_1_43' title='bbox 490 1370 538 1421; x_wconf 87' lang='lat' dir='ltr'>se</span> <span class='ocrx_word' id='word_1_44' title='bbox 560 1371 845 1440; x_wconf 88' lang='lat' dir='ltr'>benignum</span> <span class='ocrx_word' id='word_1_45' title='bbox 872 1395 963 1429; x_wconf 89' lang='lat' dir='ltr'>cur</span> <span class='ocrx_word' id='word_1_46' title='bbox 990 1379 1056 1432; x_wconf 88' lang='lat' dir='ltr'>fic</span> <span class='ocrx_word' id='word_1_47' title='bbox 1079 1384 1369 1458; x_wconf 81' lang='lat' dir='ltr'>linqueret,</span> 
     </span>
     <span class='ocr_line' id='line_1_10' title="bbox 159 1449 1254 1522; baseline 0.018 -23"><span class='ocrx_word' id='word_1_48' title='bbox 159 1449 541 1516; x_wconf 77' lang='lat' dir='ltr'>Interrogatus:</span> <span class='ocrx_word' id='word_1_49' title='bbox 580 1451 659 1503; x_wconf 92' lang='lat' dir='ltr'>Te</span> <span class='ocrx_word' id='word_1_50' title='bbox 694 1458 906 1522; x_wconf 90' lang='lat' dir='ltr'>quidem</span> <span class='ocrx_word' id='word_1_51' title='bbox 934 1461 1100 1513; x_wconf 84' lang='lat' dir='ltr'>fateor</span> <span class='ocrx_word' id='word_1_52' title='bbox 1129 1468 1254 1521; x_wconf 85' lang='lat' dir='ltr'>mihi</span> 
     </span>
     <span class='ocr_line' id='line_1_11' title="bbox 161 1533 1215 1606; baseline 0.021 -23"><span class='ocrx_word' id='word_1_53' title='bbox 161 1533 232 1584; x_wconf 88' lang='lat' dir='ltr'>Et</span> <span class='ocrx_word' id='word_1_54' title='bbox 257 1535 518 1586; x_wconf 80' lang='lat' dir='ltr'>liberalem</span> <span class='ocrx_word' id='word_1_55' title='bbox 547 1537 766 1606; x_wconf 82' lang='lat' dir='ltr'>semper,</span> <span class='ocrx_word' id='word_1_56' title='bbox 812 1542 868 1595; x_wconf 83' lang='lat'>&amp;</span> <span class='ocrx_word' id='word_1_57' title='bbox 899 1548 1215 1606; x_wconf 72' lang='lat' dir='ltr'>mitissimum</span> 
     </span>
     <span class='ocr_line' id='line_1_12' title="bbox 162 1614 1299 1691; baseline 0.024 -28"><span class='ocrx_word' id='word_1_58' title='bbox 162 1615 197 1665; x_wconf 88' lang='lat' dir='ltr'>F</span> <span class='ocrx_word' id='word_1_59' title='bbox 203 1614 327 1666; x_wconf 78' lang='lat' dir='ltr'>uifl&#39;e</span> <span class='ocrx_word' id='word_1_60' title='bbox 356 1617 649 1680; x_wconf 80' lang='lat' dir='ltr'>dominum,</span> <span class='ocrx_word' id='word_1_61' title='bbox 689 1622 847 1685; x_wconf 76' lang='lat' dir='ltr'>dixit3</span> <span class='ocrx_word' id='word_1_62' title='bbox 886 1635 939 1677; x_wconf 81' lang='lat' dir='ltr'>at</span> <span class='ocrx_word' id='word_1_63' title='bbox 972 1638 1064 1681; x_wconf 83' lang='lat' dir='ltr'>tua</span> <span class='ocrx_word' id='word_1_64' title='bbox 1090 1634 1299 1691; x_wconf 84' lang='lat' dir='ltr'>interim</span> 
     </span>
     <span class='ocr_line' id='line_1_13' title="bbox 163 1693 1229 1769; baseline 0.024 -26"><span class='ocrx_word' id='word_1_65' title='bbox 163 1693 344 1746; x_wconf 84' lang='lat' dir='ltr'>Omnis</span> <span class='ocrx_word' id='word_1_66' title='bbox 373 1696 567 1748; x_wconf 75' lang='lat' dir='ltr'>familia</span> <span class='ocrx_word' id='word_1_67' title='bbox 593 1707 859 1769; x_wconf 85' lang='lat' dir='ltr'>perpetuis</span> <span class='ocrx_word' id='word_1_68' title='bbox 884 1710 1070 1762; x_wconf 84' lang='lat' dir='ltr'>caesum</span> <span class='ocrx_word' id='word_1_69' title='bbox 1098 1716 1229 1769; x_wconf 70' lang='lat' dir='ltr'>male</span> 
     </span>
     <span class='ocr_line' id='line_1_14' title="bbox 159 1773 1476 1871; baseline 0.029 -49"><span class='ocrx_word' id='word_1_70' title='bbox 159 1773 472 1828; x_wconf 85' lang='lat' dir='ltr'>Verberibus</span> <span class='ocrx_word' id='word_1_71' title='bbox 510 1777 611 1830; x_wconf 71' lang='lat' dir='ltr'>huc</span> <span class='ocrx_word' id='word_1_72' title='bbox 637 1798 721 1833; x_wconf 89' lang='lat' dir='ltr'>me</span> <span class='ocrx_word' id='word_1_73' title='bbox 747 1784 973 1854; x_wconf 90' lang='lat' dir='ltr'>denique</span> <span class='ocrx_word' id='word_1_74' title='bbox 1003 1794 1240 1848; x_wconf 83' lang='lat' dir='ltr'>miserum</span> <span class='ocrx_word' id='word_1_75' title='bbox 1266 1802 1476 1871; x_wconf 82' lang='lat' dir='ltr'>impulit</span> 
     </span>
     <span class='ocr_line' id='line_1_15' title="bbox 159 1855 1390 1938; baseline 0.026 -34"><span class='ocrx_word' id='word_1_76' title='bbox 159 1855 233 1907; x_wconf 86' lang='lat' dir='ltr'>Ut</span> <span class='ocrx_word' id='word_1_77' title='bbox 259 1856 351 1907; x_wconf 85' lang='lat' dir='ltr'>hoc</span> <span class='ocrx_word' id='word_1_78' title='bbox 384 1859 714 1926; x_wconf 83' lang='lat' dir='ltr'>defugerem,</span> <span class='ocrx_word' id='word_1_79' title='bbox 753 1883 854 1919; x_wconf 90' lang='lat' dir='ltr'>non</span> <span class='ocrx_word' id='word_1_80' title='bbox 881 1874 1019 1937; x_wconf 87' lang='lat' dir='ltr'>quod</span> <span class='ocrx_word' id='word_1_81' title='bbox 1043 1876 1390 1938; x_wconf 86' lang='lat' dir='ltr'>infortunium</span> 
     </span>
     <span class='ocr_line' id='line_1_16' title="bbox 161 1936 1335 2027; baseline 0.026 -41"><span class='ocrx_word' id='word_1_82' title='bbox 161 1936 432 2001; x_wconf 75' lang='lat' dir='ltr'>IntulerIS,</span> <span class='ocrx_word' id='word_1_83' title='bbox 470 1951 523 1993; x_wconf 79' lang='lat' dir='ltr'>at</span> <span class='ocrx_word' id='word_1_84' title='bbox 549 1947 689 2010; x_wconf 89' lang='lat' dir='ltr'>quod</span> <span class='ocrx_word' id='word_1_85' title='bbox 716 1956 768 1998; x_wconf 87' lang='lat' dir='ltr'>te</span> <span class='ocrx_word' id='word_1_86' title='bbox 795 1953 1063 2016; x_wconf 85' lang='lat' dir='ltr'>prohibere</span> <span class='ocrx_word' id='word_1_87' title='bbox 1091 1966 1335 2027; x_wconf 83' lang='lat' dir='ltr'>oportuit.</span> 
     </span>
     <span class='ocr_line' id='line_1_17' title="bbox 235 2021 1414 2112; baseline 0.023 -38"><span class='ocrx_word' id='word_1_88' title='bbox 235 2021 456 2085; x_wconf 81' lang='lat' dir='ltr'>Vetare,</span> <span class='ocrx_word' id='word_1_89' title='bbox 494 2043 561 2076; x_wconf 90' lang='lat' dir='ltr'>ne</span> <span class='ocrx_word' id='word_1_90' title='bbox 588 2031 722 2081; x_wconf 83' lang='lat' dir='ltr'>mala</span> <span class='ocrx_word' id='word_1_91' title='bbox 746 2033 1062 2099; x_wconf 84' lang='lat' dir='ltr'>inferantur,</span> <span class='ocrx_word' id='word_1_92' title='bbox 1104 2045 1193 2108; x_wconf 83' lang='lat' dir='ltr'>qui</span> <span class='ocrx_word' id='word_1_93' title='bbox 1221 2050 1414 2112; x_wconf 86' lang='lat' dir='ltr'>potest,</span> 
     </span>
     <span class='ocr_line' id='line_1_18' title="bbox 166 2100 1499 2190; baseline 0.028 -39"><span class='ocrx_word' id='word_1_94' title='bbox 166 2100 235 2154; x_wconf 81' lang='lat' dir='ltr'>Et</span> <span class='ocrx_word' id='word_1_95' title='bbox 259 2119 360 2155; x_wconf 92' lang='lat' dir='ltr'>non</span> <span class='ocrx_word' id='word_1_96' title='bbox 390 2116 556 2169; x_wconf 81' lang='lat' dir='ltr'>vetat,</span> <span class='ocrx_word' id='word_1_97' title='bbox 594 2111 759 2175; x_wconf 86' lang='lat' dir='ltr'>idem,</span> <span class='ocrx_word' id='word_1_98' title='bbox 804 2134 861 2167; x_wconf 83' lang='lat' dir='ltr'>ac</span> <span class='ocrx_word' id='word_1_99' title='bbox 886 2120 991 2186; x_wconf 88' lang='lat' dir='ltr'>ipse</span> <span class='ocrx_word' id='word_1_100' title='bbox 1019 2120 1056 2172; x_wconf 87' lang='lat' dir='ltr'><strong>fi</strong></span> <span class='ocrx_word' id='word_1_101' title='bbox 1085 2125 1324 2190; x_wconf 86' lang='lat' dir='ltr'>inferret,</span> <span class='ocrx_word' id='word_1_102' title='bbox 1361 2132 1499 2190; x_wconf 79' lang='lat' dir='ltr'>facit.</span> 
     </span>
    </p>
   </div>
   <div class='ocr_carea' id='block_1_6' title="bbox 205 2254 1695 2420">
    <p class='ocr_par' dir='ltr' id='par_1_7' title="bbox 209 2254 1695 2352">
     <span class='ocr_line' id='line_1_19' title="bbox 209 2254 1695 2341; baseline 0.033 -58"><span class='ocrx_word' id='word_1_103' title='bbox 209 2262 229 2299; x_wconf 79' lang='lat'><strong>3</strong></span> <span class='ocrx_word' id='word_1_104' title='bbox 253 2254 368 2290; x_wconf 81' lang='lat' dir='ltr'>Varro</span> <span class='ocrx_word' id='word_1_105' title='bbox 388 2279 397 2294; x_wconf 82' lang='grc'>,</span> <span class='ocrx_word' id='word_1_106' title='bbox 419 2257 464 2291; x_wconf 88' lang='lat' dir='ltr'>de</span> <span class='ocrx_word' id='word_1_107' title='bbox 487 2269 525 2292; x_wconf 86' lang='lat' dir='ltr'>re</span> <span class='ocrx_word' id='word_1_108' title='bbox 549 2262 631 2296; x_wconf 87' lang='lat' dir='ltr'>rust.</span> <span class='ocrx_word' id='word_1_109' title='bbox 668 2263 709 2298; x_wconf 90' lang='lat' dir='ltr'>L.</span> <span class='ocrx_word' id='word_1_110' title='bbox 724 2274 756 2299; x_wconf 81' lang='lat'>2.</span> <span class='ocrx_word' id='word_1_111' title='bbox 781 2267 818 2303; x_wconf 87' lang='lat' dir='ltr'>C.</span> <span class='ocrx_word' id='word_1_112' title='bbox 835 2277 887 2304; x_wconf 89' lang='lat'>10.</span> <span class='ocrx_word' id='word_1_113' title='bbox 950 2273 999 2306; x_wconf 83' lang='lat' dir='ltr'>In</span> <span class='ocrx_word' id='word_1_114' title='bbox 1016 2276 1212 2316; x_wconf 74' lang='lat' dir='ltr'>gregibus</span> <span class='ocrx_word' id='word_1_115' title='bbox 1235 2284 1367 2319; x_wconf 80' lang='lat' dir='ltr'>ovium</span> <span class='ocrx_word' id='word_1_116' title='bbox 1383 2312 1392 2327; x_wconf 90' lang='lat'>‚</span> <span class='ocrx_word' id='word_1_117' title='bbox 1417 2288 1492 2333; x_wconf 82' lang='lat' dir='ltr'>sed</span> <span class='ocrx_word' id='word_1_118' title='bbox 1511 2296 1695 2341; x_wconf 74' lang='lat' dir='ltr'>magnis,</span> 
     </span>
     <span class='ocr_line' id='line_1_20' title="bbox 293 2300 996 2352; baseline 0.028 -25"><span class='ocrx_word' id='word_1_119' title='bbox 293 2306 390 2337; x_wconf 83' lang='lat' dir='ltr'>quos</span> <span class='ocrx_word' id='word_1_120' title='bbox 414 2300 628 2337; x_wconf 77' lang='lat' dir='ltr'>milliarios</span> <span class='ocrx_word' id='word_1_121' title='bbox 642 2304 802 2347; x_wconf 61' lang='lat' dir='ltr'>finiunt</span> <span class='ocrx_word' id='word_1_122' title='bbox 822 2313 996 2352; x_wconf 71' lang='lat' dir='ltr'>quidam.</span> 
     </span>
    </p>

    <p class='ocr_par' dir='ltr' id='par_1_8' title="bbox 205 2338 566 2420">
     <span class='ocr_line' id='line_1_21' title="bbox 205 2338 566 2389; baseline 0.025 -19"><span class='ocrx_word' id='word_1_123' title='bbox 205 2347 226 2380; x_wconf 73' lang='lat'>4</span> <span class='ocrx_word' id='word_1_124' title='bbox 250 2338 446 2389; x_wconf 41' lang='lat' dir='ltr'>Miuutius·</span> <span class='ocrx_word' id='word_1_125' title='bbox 464 2344 566 2379; x_wconf 85' lang='lat' dir='ltr'>Felix</span> 
     </span>
     <span class='ocr_line' id='line_1_22' title="bbox 289 2390 531 2420; baseline 0.029 -7"><span class='ocrx_word' id='word_1_126' title='bbox 289 2390 531 2420; x_wconf 61' lang='lat' dir='ltr'>proventum.</span> 
     </span>
    </p>
   </div>
   <div class='ocr_carea' id='block_1_7' title="bbox 579 2348 1696 2421">
    <p class='ocr_par' dir='ltr' id='par_1_9' title="bbox 579 2348 1696 2421">
     <span class='ocr_line' id='line_1_23' title="bbox 579 2348 1696 2421; baseline 0.032 -40"><span class='ocrx_word' id='word_1_127' title='bbox 579 2370 588 2385; x_wconf 90' lang='lat'>‚</span> <span class='ocrx_word' id='word_1_128' title='bbox 620 2348 711 2383; x_wconf 81' lang='lat' dir='ltr'>Edit.</span> <span class='ocrx_word' id='word_1_129' title='bbox 740 2350 930 2392; x_wconf 81' lang='lat' dir='ltr'>Balduini,</span> <span class='ocrx_word' id='word_1_130' title='bbox 956 2358 1051 2400; x_wconf 85' lang='lat'><strong>1560.</strong></span> <span class='ocrx_word' id='word_1_131' title='bbox 1076 2371 1160 2406; x_wconf 83' lang='lat' dir='ltr'>pag.</span> <span class='ocrx_word' id='word_1_132' title='bbox 1192 2373 1244 2409; x_wconf 66' lang='lat'>127.</span> <span class='ocrx_word' id='word_1_133' title='bbox 1262 2366 1485 2411; x_wconf 66' lang='lat' dir='ltr'>fecundiz&#39;w</span> <span class='ocrx_word' id='word_1_134' title='bbox 1505 2381 1696 2421; x_wconf 77' lang='lat' dir='ltr'>nequiora</span> 
     </span>
    </p>
   </div>
   <div class='ocr_carea' id='block_1_8' title="bbox 208 2423 1662 2798">
    <p class='ocr_par' dir='ltr' id='par_1_10' title="bbox 208 2423 1662 2798">
     <span class='ocr_line' id='line_1_24' title="bbox 208 2423 1662 2798; baseline 0 238"><span class='ocrx_word' id='word_1_135' title='bbox 208 2423 1662 2798; x_wconf 95' lang='lat' dir='ltr'> </span> 
     </span>
    </p>
   </div>
  </div>
 </body>
</html>
