1956 3036
315 253 352 304 6
752 251 1415 304 PRAEFATJO.

313 407 395 416 ⁸——

323 479 419 530 tes
453 472 514 530 in
547 471 616 532 iis
652 472 843 532 bestiae
870 472 1181 531 sustineant
1214 489 1228 544 3
1286 469 1501 547 quippe
1532 487 1667 547 quae
1709 488 1841 548 pro-

324 565 461 645 pius
513 565 718 625 absunt
777 567 846 626 ab
890 565 1231 625 hominibus
1290 562 1548 642 corporis
1595 561 1843 622 animati

325 657 718 718 similitudine.

409 753 605 812 Nlulta
678 752 860 829 igitur
929 750 1157 831 poffunt
1228 750 1289 808 in
1350 749 1466 809 hoc
1563 748 1846 809 scribendi

328 865 544 924 genere
578 846 872 916 adhiberi,
910 863 1046 923 quae
1076 843 1218 904 falsa
1246 843 1393 903 sunt.
1456 842 1608 903 Nam
1633 888 1645 912 ,
1683 842 1847 902 verbi

327 939 553 1016 gratia,
610 941 848 1018 Lupum
893 937 952 998 &
1000 935 1250 1014 Agnum
1292 957 1412 994 non
1458 938 1637 995 modo
1680 933 1846 1012 loqui

325 1032 538 1092 falsum
570 1032 680 1103 est,
748 1032 844 1092 sed
873 1041 1106 1091 naturae
1135 1030 1315 1090 etiam
1346 1030 1593 1107 Lupinae
1637 1047 1849 1106 repug-

326 1136 465 1195 nat,
513 1126 683 1184 illum
716 1125 776 1183 in
826 1124 1272 1185 altercationem
1302 1123 1522 1193 delabi,
1574 1123 1718 1180 duni
1748 1141 1850 1199 po-

328 1228 466 1278 tens
498 1219 766 1278 illecebra
798 1219 982 1295 cogit,
1049 1228 1117 1276 ut
1144 1216 1336 1276 statim
1370 1215 1429 1273 in
1474 1216 1735 1293 praedam
1774 1215 1850 1272 ir·-

332 1322 485 1372 ruat.
535 1314 699 1372 Tunc
741 1321 943 1370 autem
982 1311 1188 1370 feritas
1238 1308 1365 1386 ejus
1413 1308 1671 1367 cohiberi
1707 1354 1721 1378 ,
1789 1305 1851 1366 δε

334 1403 494 1482 quali
539 1404 800 1483 suspendi
843 1404 1106 1481 fingitur.
1185 1404 1315 1472 Quo
1361 1402 1532 1471 datO,
1578 1400 1704 1478 jam
1745 1419 1850 1459 eos

332 1498 628 1558 sermones
647 1543 660 1567 ‚
713 1517 863 1575 quos
880 1496 1173 1556 Phaedrus
1193 1494 1251 1555 &
1269 1495 1537 1554 Fontana
1554 1494 1818 1553 referunt
1833 1539 1850 1565 ,

331 1592 569 1669 Lupum
590 1592 744 1649 inter
766 1590 824 1649 δέ
853 1586 1100 1667 Agrium
1119 1589 1321 1648 haberi
1342 1587 1646 1649 verisimile
1673 1587 1768 1647 est.

433 1684 717 1744 Ceterum
773 1683 1036 1762 Scriptor
1090 1681 1462 1743 Fabellarum
1522 1681 1775 1758 diligens

468 1834 702 1886 Reddere
731 1832 951 1900 personae
978 1831 1067 1882 scit
1093 1829 1450 1881 convenientia
1477 1823 1678 1889 cuique.
1717 1816 1752 1866 6

335 1963 415 2022 Et
462 1961 532 2020 ab
577 1960 679 2019 ista
709 1959 837 2035 lege
882 1957 917 2016 fi
965 1957 1068 2034 qui
1110 1953 1469 2024 recellerint,
1520 1954 1623 2014 vix
1655 1972 1758 2013 eos
1794 1950 1855 2012 &

337 2054 597 2115 suavitas
646 2051 1030 2120 narrationis,
1083 2047 1141 2107 ὅ(
1175 2046 1585 2127 praeceptionis
1627 2047 1856 2107 utilitas

339 2146 636 2206 excusant.
714 2147 1084 2221 Quapropter
1113 2141 1315 2201 Critici
1358 2140 1637 2218 quidam,
1680 2139 1856 2218 paulo

338 2239 492 2299 forte
540 2238 843 2313 rigidiores
875 2281 888 2305 ,
934 2237 993 2294 id
1042 2234 1348 2312 approbari
1391 2233 1490 2294 fibi
1535 2253 1656 2291 non
1704 2230 1855 2311 posse

338 2332 617 2392 dixerunt
637 2375 650 2399 ,
680 2331 839 2407 quod
871 2329 1027 2407 apud
1060 2328 1385 2388 Phaedrurn
1412 2339 1445 2389 7
1487 2327 1712 2396 Vacca,
1745 2325 1856 2385 Ca-

339 2425 520 2504 pella,
573 2423 743 2492 Ovis,
799 2420 858 2481 &
892 2423 1012 2480 Leo
1042 2441 1158 2479 non
1190 2422 1368 2479 modo
1411 2419 1685 2480 societate
1720 2417 1857 2496 jun-

340 2528 561 2596 gantur
584 2561 598 2586 ,
637 2535 704 2575 ac
724 2524 1017 2576 venentur
1045 2513 1242 2574 simul:
1275 2513 1371 2575 sed.
1402 2523 1644 2594 captum
1671 2512 1856 2574 etiam

412 2678 446 2727 6
481 2675 659 2725 Horat.
699 2673 812 2723 Art.
842 2672 980 2725 Poet.
1010 2673 1211 2739 V.316.

412 2763 445 2816 7
483 2747 649 2800 Lib.I.
690 2745 805 2797 Fab.
829 2743 894 2799 V.
