1956 3036
481 230 813 285 LIBER
883 234 1448 290 SEPTIMUS.
1631 251 1733 304 195

702 627 868 691 Canis
898 635 1150 695 mordax.
1198 642 1217 677 ⁷

180 730 261 815 M
279 780 312 813 o
332 781 368 814 R
389 781 422 814 D
440 781 473 814 E
489 783 526 815 R
545 783 579 815 E
606 774 980 832 praetereuntes
1006 771 1194 824 assueto
1225 772 1353 824 Cani

172 847 508 915 Appenderat
531 849 685 900 herus
713 868 923 916 parvum
952 856 1388 918 tintilinabulum,

173 929 255 980 Ab
282 947 341 979 eo
369 931 652 982 cavendum
678 944 739 984 ut
766 936 1006 985 omnibus
1036 938 1336 990 notesceret.

177 1010 288 1062 Hoc
319 1012 406 1062 ille
431 1010 573 1078 signo
600 1014 851 1080 gloriatus
882 1017 981 1074 est,
1020 1017 1161 1083 quasi

173 1099 397 1153 Virtutis
426 1101 549 1153 esset
582 1107 848 1170 praemium
877 1106 966 1156 fibi
994 1108 1189 1160 datum.

171 1182 328 1242 Quod
358 1183 542 1249 aliquis
568 1186 1009 1240 animadvertens:
1048 1189 1274 1251 Frustra,
1313 1190 1342 1240 ὃ
1370 1188 1576 1257 pessime
1594 1226 1611 1252 ,

167 1262 288 1314 Tibi
316 1263 548 1330 plaudis,
586 1267 781 1334 inquit:
821 1285 940 1319 nam
968 1271 1086 1320 aeris
1121 1272 1264 1322 istius
1294 1271 1414 1323 sono

170 1343 405 1410 Quisque
432 1345 736 1399 admonetur
765 1349 827 1399 de
855 1350 946 1401 tufi
976 1350 1131 1417 prava
1156 1353 1345 1405 indole.

239 1426 443 1478 Fabella
468 1430 715 1494 quosdam
749 1434 941 1499 carpit,
980 1442 1179 1486 vertere
1205 1437 1293 1502 qui
1319 1436 1412 1488 fibi

165 1507 397 1561 Tentant
423 1510 603 1563 honori
627 1510 852 1564 infamiae
879 1524 1087 1583 turpem
1114 1524 1307 1569 notam.

500 1692 1058 1761 FABULA
1216 1702 1383 1765 IX.

528 1859 796 1922 Himmdo
841 1860 911 1927 ἔθ’
940 1864 1254 1929 Luscinius,
1298 1872 1320 1907 8

161 1974 264 2058 ΟΒ
280 2021 302 2055 s
316 2022 350 2056 T
366 2021 405 2055 R
420 2022 455 2056 E
473 2020 502 2055 Ρ
519 2022 553 2055 Ε
571 2022 609 2056 R
626 2023 661 2056 E
692 2006 839 2059 solita
870 2011 1153 2077 quamlibet
1179 2014 1313 2066 circa
1344 2012 1554 2067 domum

160 2088 424 2149 Hirundo,
454 2103 712 2140 amoenam
745 2090 875 2144 forte
901 2094 1256 2158 solitudinem,

157 2170 399 2221 Petierat.
438 2171 516 2221 Ibi
544 2172 835 2225 Luscinium
871 2186 891 2219 9
916 2213 929 2237 ‚
980 2180 1071 2246 qui
1097 2181 1239 2233 lauro
1267 2180 1420 2248 super

154 2255 372 2309 Virente
413 2255 647 2321 placidus
678 2262 955 2325 otiaretur,
992 2266 1203 2318 videns:

155 2335 354 2388 Suaves
382 2357 565 2391 canoro
590 2353 799 2410 gutture
828 2354 880 2396 te
908 2348 1119 2413 quidem
1143 2349 1322 2399 ferunt

155 2418 405 2471 Emittere
433 2422 578 2475 sonos
597 2463 611 2486 ,
649 2428 807 2481 dixit:
846 2430 921 2480 nil
948 2439 1121 2482 tamen
1147 2431 1402 2484 haetenus

153 2502 413 2570 Ejusmodi
439 2523 501 2556 ex
527 2515 576 2558 te
604 2511 780 2562 audire
803 2513 951 2564 nobis
979 2515 1222 2581 contigit:

197 2666 217 2702 'Z
239 2660 474 2745 Βθὲῗθῐῗέΐῐὲ
491 2664 734 2750 P‡szng.
759 2666 938 2711 AEsopus‚
972 2669 1056 2704 Fab.
1072 2669 1236 2711 CCXIV.
1271 2671 1467 2709 Avienus,
1501 2669 1585 2706 Fab.
1611 2668 1694 2707 VH-

199 2748 221 2782 8
243 2746 494 2783 Camerarius.
525 2749 604 2783 Fan.
632 2752 851 2788 CCCLXIV.

198 2797 220 2829 9
243 2787 400 2822 Consule
428 2799 503 2824 not.
527 2791 572 2825 ad
599 2793 678 2828 Fab.
706 2795 869 2833 XXVII.
898 2796 938 2831 L.
956 2797 1022 2834 Vl.

1438 2851 1547 2919 Ne
