1956 3036
424 251 750 304 LIBER
821 253 1306 310 TERTIUS.
1556 271 1624 325 95

471 493 945 557 FABULA
1039 498 1251 559 XLI.

538 655 743 735 Vulpis
779 653 847 717 Εἴ
883 656 1125 717 Efficiam.
1168 662 1190 690 ¹

104 761 175 841 R
192 808 223 840 E
240 808 261 840 1
287 791 626 842 administrum
655 790 870 858 publicae
887 829 899 851 ,
936 792 1087 843 furtis
1114 794 1213 845 suis

104 875 363 935 Ditatum,
400 875 551 927 Samii
582 874 767 925 dedere
792 873 909 926 cum
937 879 1126 929 vellent
1152 879 1294 940 neci,

102 958 315 1024 AEsopus
340 960 428 1008 tali
453 958 623 1008 fabula
652 957 925 1008 deterruit:

171 1041 377 1091 Tetram
402 1041 453 1089 in
483 1041 719 1090 lacunam
743 1038 868 1090 forte
894 1039 1083 1107 Vulpis
1107 1042 1312 1104 Incidit,

101 1126 208 1176 Nec
238 1123 406 1190 potuit
428 1122 594 1180 exire,
630 1121 888 1188 impeditis
915 1123 1148 1173 cruribus

95 1212 235 1261 Limo
262 1207 440 1258 tenaci.
478 1204 547 1254 Et
572 1201 672 1254 huc
697 1204 844 1255 fimul
868 1205 1018 1256 denso
1044 1209 1250 1273 agmine

94 1293 284 1344 Muscae
310 1288 603 1338 advolantes
625 1287 938 1338 indefensam
961 1291 1152 1341 aculeis

97 1373 285 1424 Fodere
312 1371 620 1421 institerunt.
655 1370 810 1431 Quod
833 1371 1009 1421 videns
1034 1371 1266 1433 Ericius,

97 1455 336 1512 Parabat,
374 1455 565 1520 quippe
593 1461 764 1502 motus
790 1453 1153 1514 misericordia,

99 1538 262 1589 Malas
289 1537 491 1602 abigere
516 1537 776 1595 volucres;
810 1535 898 1585 illa
921 1535 1005 1585 sed
1030 1537 1243 1588 abnuite

99 1618 337 1686 Namque
361 1618 450 1668 has
477 1617 631 1677 mihi,
666 1617 860 1683 inquit,
897 1635 961 1668 ne
987 1620 1267 1671 molestiam
1290 1634 1499 1688 gravem

97 1703 209 1762 Jam
236 1703 401 1752 facere
427 1697 635 1765 possint,
672 1699 871 1749 satietas
894 1700 998 1765 ipsa
1020 1701 1263 1768 impedit:

94 1785 539 1850 Succederentque
563 1800 680 1832 mox
703 1784 815 1834 aliae
847 1783 1094 1834 famelicae
1109 1822 1123 1844 ,

101 1869 232 1929 Quae
247 1903 261 1928 ,
283 1866 407 1917 mihi
432 1864 569 1933 quod
592 1866 852 1932 reliquum
876 1865 1136 1932 sanguinis
1162 1866 1233 1919 est
1246 1902 1262 1927 ‚
1300 1865 1627 1934 exsugerent,

425 2030 899 2097 FABULA
1008 2036 1299 2098 XL11.2

254 2165 748 2227 Sirzttlziocamelus
769 2167 948 2227 altam
974 2169 1196 2226 volandi
1227 2168 1471 2248 cupidus,

105 2262 184 2346 M
206 2312 291 2344 EN
308 2311 341 2343 T
360 2311 394 2342 E
421 2292 472 2342 id
496 2292 690 2342 ferebat
715 2292 864 2343 anxia
880 2329 893 2352 ,
930 2290 1067 2359 quod
1093 2289 1266 2344 verius

105 2379 169 2432 Se
196 2377 451 2437 subsilire,
490 2375 641 2442 quam
668 2377 838 2428 volare
862 2387 1092 2429 cerneret

105 2462 560 2517 Struthiocamelus
595 2468 639 2522 3,
677 2470 854 2530 utpote
876 2461 1194 2513 brevioribus

148 2614 168 2640 1
194 2604 245 2639 La
280 2602 480 2637 fontaine.
520 2601 596 2636 Lib.
619 2603 711 2636 XII.
745 2602 829 2637 Fal).
857 2603 973 2637 XIII.
997 2602 1126 2636 Philib.
1147 2601 1337 2644 Hegemon
1355 2624 1365 2639 .
1403 2601 1487 2636 Fab.
1512 2601 1622 2636 XIX.

236 2646 414 2681 Faernus,
448 2644 529 2678 Fab.
562 2645 688 2679 XVII.
720 2646 946 2681 Camerarius
971 2667 979 2680 ‚
1022 2645 1104 2679 Fab.
1140 2645 1371 2680 CCCXCIIII.
1403 2645 1623 2686 Menagius,

234 2687 317 2721 Fab.
346 2686 408 2722 1V.
443 2688 495 2720 De
520 2687 636 2720 Ericio
660 2687 730 2719 vid.
758 2696 833 2720 not.
862 2687 905 2721 ad
929 2686 1012 2721 Fab.
1039 2689 1083 2724 V.
1108 2687 1183 2721 Lib.
1209 2687 1234 2721 Ι.

151 2738 171 2763 2
193 2729 437 2765 camerarium,
464 2728 546 2763 Fan.
568 2729 794 2766 chxvlll.

151 2779 172 2815 3
196 2771 330 2806 Plinius
352 2770 438 2804 Hist.
461 2770 540 2806 Lib.
564 2771 614 2805 X.
637 2771 721 2813 Cap.
737 2771 767 2807 1.
798 2768 1043 2816 Grandiffimi
1058 2793 1068 2808 ‚
1092 2769 1130 2805 Εἰ
1150 2777 1256 2813 paene
1281 2768 1486 2814 bestiarum
1504 2776 1623 2810 gene-

1434 2852 1483 2906 G
