1956 3036
321 257 392 306 44
570 231 935 288 PRJMAE
992 223 1589 280 EDJTJONJS

900 348 981 355 ——-·

419 460 517 524 Ab
554 457 922 539 argumentis
956 501 970 527 ,
1017 472 1154 534 quae
1187 451 1497 533 perpolivit
1525 450 1850 521 Phaedrus,

323 576 576 621 manum
606 554 924 633 prudenter
955 548 1364 609 abstinuimus:
1408 544 1622 622 quibus
1652 553 1856 602 autem

326 648 783 716 concinnandi5‚
830 644 1086 704 eximius
1117 641 1475 701 Fabularum
1509 636 1857 715 gallicarum

331 745 546 807 artifex
574 787 588 812 ‚
638 743 892 821 joannes
927 738 1196 797 Fontana
1230 735 1443 792 miram
1494 732 1691 801 suam,
1728 730 1858 791 vix-

330 859 450 918 que
487 836 591 895 ulli
635 833 849 893 deinde
880 830 1107 890 homini
1140 828 1486 887 imitabilem
1532 836 1722 884 artem
1758 823 1861 882 ad-

331 929 601 999 hibuiffet
635 973 648 998 ,
698 928 907 986 eadem
939 970 954 995 ,
1005 923 1043 982 si
1091 922 1414 982 arriderent
1463 918 1630 978 nobis
1670 962 1685 987 ,
1742 935 1863 975 non

335 1023 793 1108 praetermittere
815 1019 1146 1079 debuimus.
1193 1014 1420 1091 Quippe
1441 1010 1699 1080 diversa,
1733 1011 1854 1087 qua

338 1120 596 1186 utimur,
641 1116 862 1191 linguae
894 1112 1043 1171 ratio
1076 1107 1369 1169 diversum
1404 1104 1587 1163 etiam
1615 1103 1865 1182 postulat

334 1210 619 1273 narrandi
668 1228 734 1268 ac
786 1203 1091 1265 differendi
1141 1217 1376 1279 genus:
1425 1197 1863 1275 Phaedrusque‚

338 1306 400 1367 &
428 1305 698 1364 Fontana
730 1345 744 1370 ‚
796 1297 1074 1377 quamvis
1109 1296 1167 1353 in
1203 1305 1329 1354 arte
1360 1292 1643 1352 scribendi
1677 1290 1867 1351 Fabu-

337 1399 428 1460 las
479 1396 655 1457 ambo
692 1393 910 1473 pariter
950 1387 1335 1450 excelluerint
1366 1431 1381 1458 ,
1433 1386 1628 1446 abiere
1662 1394 1868 1444 tamen

337 1494 402 1553 in
437 1488 737 1551 scribendo
775 1486 950 1548 valde
986 1481 1209 1544 diversi.
1298 1479 1423 1540 Nos
1470 1479 1711 1558 quidem
1754 1478 1869 1538 ele-

341 1585 611 1665 gantiam
661 1580 837 1661 primi
878 1578 1193 1656 simplicem
1235 1574 1453 1633 imitari
1484 1619 1498 1643 ,
1571 1573 1870 1651 quantum

341 1677 681 1761 potuimuS,
719 1673 951 1748 conati3
999 1669 1241 1731 alterius
1273 1667 1558 1737 facetam,
1607 1664 1871 1744 ingenio-

343 1775 587 1849 samque
634 1767 1034 1830 urbanitatem
1088 1762 1360 1839 effingere
1393 1760 1496 1822 vix
1545 1759 1868 1837 aliquando

350 1864 741 1926 tentavimus,
822 1859 1110 1920 Fabulam
1141 1868 1345 1916 tamen
1373 1852 1500 1931 ejus
1536 1854 1608 1912 de
1639 1852 1875 1913 Rustico

342 1961 606 2023 Mortem
647 1956 992 2023 invocante,
1044 1951 1300 2011 studiose
1345 1946 1692 2008 curavimus
1738 1945 1870 2006 red-

348 2055 493 2114 dere
526 2072 540 2111 :
602 2050 698 2109 sed
739 2050 888 2127 pone
925 2044 1336 2124 subjunximus
1372 2042 1532 2100 idem
1564 2058 1878 2118 argumen-

346 2157 516 2215 tum,
551 2142 913 2221 simpliciter,
966 2138 1310 2217 magisque,
1346 2135 1405 2192 111
1437 2134 1643 2204 fallor,
1679 2134 1755 2193 ad
1791 2132 1877 2190 in-

350 2240 596 2318 genium
638 2238 853 2313 linguae
905 2234 1105 2293 latinae
1165 2229 1610 2289 accommodate
1657 2224 1877 2305 exposi-

347 2345 499 2393 tum.
566 2327 658 2389 Ac
687 2328 724 2387 fi
756 2329 874 2406 qua
907 2347 1016 2384 nos
1051 2371 1065 2396 ,
1124 2334 1193 2383 ut
1231 2324 1290 2381 in
1326 2321 1564 2382 Fabulis
1601 2321 1675 2379 de
1709 2321 1877 2398 Lupo

351 2425 678 2509 poenitente
715 2466 729 2491 ‚
788 2422 860 2480 de
907 2421 1076 2496 Lupo
1121 2427 1330 2475 natum
1376 2414 1683 2474 erudiente
1717 2457 1731 2484 ,
1804 2412 1879 2470 de
1950 2482 1955 2486 Ι

353 2519 536 2583 Malis
600 2515 795 2575 aureis
837 2558 851 2584 ,
945 2525 1125 2588 atque
1189 2510 1249 2567 in
1320 2508 1449 2568 aliis
1526 2507 1678 2565 forte
1749 2505 1878 2583 plu-

355 2612 526 2675 rimis
556 2655 570 2680 ,
620 2609 656 2668 a
686 2608 783 2669 via
809 2607 1099 2669 Veterum
1135 2601 1481 2681 pervulgata
1500 2597 1881 2667 diseeffimus,

356 2707 421 2767 id
464 2723 642 2764 omne
698 2720 841 2779 rogo
894 2710 962 2757 ut
1007 2697 1154 2758 milii
1182 2740 1198 2768 ,
1288 2705 1391 2755 aut
1449 2693 1621 2753 malis
1681 2709 1882 2751 exem-
