1956 3036
490 202 813 258 LIBER
873 207 1311 264 PRIMUS.
1589 226 1658 285 19

146 416 321 474 Visere
361 437 584 490 vetetur,
620 449 718 498 quo
754 434 854 486 suae
890 435 988 487 fint
1023 454 1103 487 res
1140 438 1270 489 loco,

145 497 310 553 Nimis
346 508 603 573 inquietus
642 512 761 577 quid
798 523 850 564 te
886 515 1066 566 frustra
1100 534 1324 568 maceras
1337 555 1354 579 ‚

141 580 330 633 Aiebat
366 585 494 637 ille‘.2
531 589 651 654 quin
687 591 856 658 potius
869 630 883 654 ,
934 596 1068 661 quod
1105 605 1165 647 tu
1204 598 1349 664 cupis
1363 633 1380 658 ‚

144 660 273 710 Fieri
310 665 429 716 dum
468 668 649 731 liceat,
688 673 896 725 sustines
934 694 1126 728 moram
1166 679 1416 734 brevem?

142 743 216 790 At
252 760 400 806 ecce,
438 750 698 817 postquam
734 755 927 807 distulit
963 758 1080 808 satis
1118 760 1231 820 diu,

144 817 350 874 Venifl'e
387 829 595 878 tandem
633 834 838 885 nuntiat
875 846 1105 902 optatum
1142 839 1306 902 diem,

140 898 404 969 Simulque
445 908 629 959 clavim
666 913 859 965 tradit:
911 915 1000 966 illa
1037 917 1239 983 segnius

138 979 359 1035 Videtur
394 988 731 1042 obsecundare
766 994 843 1044 isti
878 995 1188 1063 improvidO,

138 1061 298 1114 Suum
333 1072 592 1136 expetenti
629 1091 838 1126 cernere
874 1076 1026 1127 citius
1064 1079 1282 1132 malum:

143 1143 276 1194 Nam
314 1148 397 1198 vix
434 1163 606 1218 aperta
641 1155 711 1204 est
762 1156 965 1219 cistula,
1014 1160 1277 1226 ingentem
1314 1166 1454 1222 videt:

144 1224 396 1279 Omnibus
434 1234 493 1281 ad
537 1253 703 1297 unum¹
730 1238 910 1299 Malis,
943 1241 1047 1306 jam
1085 1259 1186 1293 non
1224 1248 1422 1309 aureis,

142 1303 304 1354 Luem
341 1308 569 1363 insedisse
600 1352 612 1374 ,
652 1316 705 1367 &
741 1316 999 1371 horridam
1030 1324 1369 1390 putredinem.

142 1384 210 1435 Ec
247 1387 589 1442 calamitatem
626 1411 730 1446 non
767 1415 862 1464 ego
899 1400 1031 1452 hanc
1068 1405 1430 1470 praedixeram,

139 1465 443 1520 Exclamat?
478 1471 580 1522 heu
617 1480 723 1527 me!
761 1478 911 1544 quam
947 1499 1096 1533 verus
1133 1483 1322 1547 forem,
1372 1490 1525 1543 nimis

135 1544 521 1614 Intelligebam:
559 1553 643 1603 sed
680 1556 829 1609 aliter
861 1561 1022 1613 Visum
1057 1553 1178 1625 tibi,

139 1624 306 1678 Pater.
358 1628 545 1681 Dolere
582 1649 685 1683 non
724 1640 855 1689 tanti
895 1642 996 1702 est,
1037 1642 1142 1703 fili3
1179 1645 1399 1712 abstine,

138 1705 233 1755 Ait
274 1706 394 1767 ille,
423 1710 644 1776 jungens
682 1716 834 1783 plena
882 1724 1065 1773 amoris
1104 1724 1306 1780 osculat

141 1862 413 1922 Quereris:
453 1876 504 1917 at
540 1870 641 1937 ipse
679 1878 927 1942 numquid
965 1883 1251 1935 credideras
1288 1888 1444 1951 mihi,

139 1940 269 1994 Cum
307 1962 710 2015 commonerem,
750 1958 856 2008 vita
891 1976 1105 2026 quorum
1142 1983 1244 2016 non
1280 1969 1416 2021 foret

135 2025 458 2101 Impuri'tatis*
488 2048 696 2100 expers,
740 2037 892 2104 quam
926 2042 1075 2098 facile
1111 2046 1164 2095 in
1201 2048 1390 2099 malam

141 2105 427 2157 Perniciem
463 2129 639 2164 eorum
678 2117 889 2170 societas
928 2125 1247 2178 adduceret?

140 2185 346 2237 Periisse
384 2189 543 2250 Mala,
583 2193 715 2244 dono
753 2213 869 2262 quae
906 2200 1172 2263 dederam,
1212 2205 1388 2267 doles;

137 2267 395 2318 Damnum
431 2280 553 2337 puta
588 2274 718 2325 istud
755 2277 811 2330 &
844 2279 960 2330 leve
998 2282 1052 2334 &
1088 2285 1390 2350 reparabile,

139 2348 241 2400 Sed
279 2348 605 2413 adulteratis,
652 2366 798 2417 nate,
849 2358 886 2408 fi
924 2370 976 2411 te
1012 2366 1238 2416 moribus

138 2428 433 2494 Aliquando
470 2430 582 2482 fieri
619 2435 851 2487 vitiosum
887 2443 1240 2509 contingeret3

140 2509 208 2561 Et
243 2509 335 2560 ista
372 2528 485 2577 quae
521 2530 659 2566 nunc
696 2527 964 2587 tantopere
995 2523 1140 2589 juvat
1177 2536 1401 2593 patrem,

140 2588 282 2642 Vitae
319 2591 611 2644 Innocentis
649 2595 686 2646 fi
721 2599 910 2664 periret
947 2603 1179 2664 castitas3

143 2667 281 2726 Quid
318 2679 459 2736 patre
497 2674 676 2726 misero
714 2676 906 2728 fieret?
954 2687 1161 2747 tamque
1200 2683 1388 2735 flebilis

143 2744 343 2798 Iaftura
380 2764 478 2814 quo
516 2752 682 2803 sarciri
714 2754 817 2820 J'am
853 2755 1011 2823 poffet
1047 2760 1240 2811 modo?

1420 2834 1532 2891 132
